% This file was created with JabRef 2.10.
% Encoding: MacRoman


@Misc{wiki_hilbertFIR,
  Title                    = {{FIR Hilbert Transform Filter}},

  Author                   = {{'wdwd'}},
  HowPublished             = {Licensed under the Creative Commons Attribution-Share Alike 3.0 Unported.},
  Month                    = {3},
  Note                     = {URL: https://commons.wikimedia.org/wiki/File:FIR\_Hilbert\_Transform\_Filter.svg License: https://creativecommons.org/licenses/by-sa/3.0/deed.en},
  Year                     = {2013},

  Owner                    = {tobiaswelti},
  Timestamp                = {2014.12.06},
  Url                      = {https://commons.wikimedia.org/wiki/File:FIR_Hilbert_Transform_Filter.svg}
}

@Misc{armcortex,
  Title                    = {{Cortex-M4 Processor}},

  Author                   = {{ARM Ltd.}},
  Note                     = {http://www.arm.com/products/processors/cortex-m/cortex-m4-processor.php, Stand: 7.12.2014},

  Owner                    = {tobiaswelti},
  Timestamp                = {2014.12.07}
}

@InBook{wyss2014_book,
  Title                    = {River Flow 2014},
  Author                   = {Carlos R. Wyss, Dieter Rickenmann, Bruno Fritschi, Jens M. Turowski, Volker Weitbrecht, Robert M. Boes},
  Editor                   = {Schleiss, A.J.; De Cesare. G.; Franca, M.J.; Pfister, M.},
  Pages                    = {1907-1912},
  Publisher                = {Taylor \& Francis, London.},
  Year                     = {2014},

  Owner                    = {twelti},
  Timestamp                = {2014.12.08}
}

@Article{wyss2014,
  Title                    = {Measuring bedload transport rates by grain-size fraction using the swiss plate geophone signal at the erlenbach.},
  Author                   = {Carlos R. Wyss, Dieter Rickenmann, Bruno Fritschi, Jens M. Turowski, Volker Weitbrecht, Robert M. Boes},
  Journal                  = {Submitted to Journal of Hydrologic Engineering},
  Year                     = {2014},
  Pages                    = {xxx},
  Volume                   = {xx},

  Owner                    = {twelti},
  Timestamp                = {2014.12.08}
}

@Article{rickenmann2012ESPL,
  Title                    = {Bedload transport measurements at the Erlenbach stream with geophones and automated basket samplers},
  Author                   = {Dieter Rickenmann, Jens M. Turowski, Bruno Fritschi, Angela Klaiber, Andreas Ludwig},
  Journal                  = {Earth Surf. Process. Landforms},
  Year                     = {2012},
  Pages                    = {1000-1011},
  Volume                   = {37},

  Owner                    = {twelti},
  Timestamp                = {2014.12.08}
}

@Article{rickenmann2014ESPL,
  Title                    = {Bedload transport measurements with impact plate geophones: comparison of sensor calibration in different gravel-bed streams},
  Author                   = {Dieter Rickenmann,Jens M. Turowski, Bruno Fritschi, Carlos Wyss, Jonathan Laronne, Ronel Barzilai, Ian Reid, Andrea Kreisler, Johann Aigner, Hugo Seitz, Helmut Habersack},
  Journal                  = {Earth Surf. Process. Landforms},
  Year                     = {2014},
  Pages                    = {928-942},
  Volume                   = {39},

  Owner                    = {twelti},
  Timestamp                = {2014.12.08}
}

@Article{turowski2008,
  Title                    = {Erfassung des Sedimenttransportes in Wildbächen und Gebirgsflüssen – Anwendungsmöglichkeiten von Geophonmessanlagen},
  Author                   = {Jens M. Turowski, Alexandre Badoux, Dieter Rickenmann, Bruno Fritschi},
  Journal                  = {Wasser Energie Luft},
  Year                     = {2008},
  Number                   = {1},
  Pages                    = {69-74},
  Volume                   = {100},

  Owner                    = {twelti},
  Timestamp                = {2014.12.08}
}

@TechReport{ixxatcan,
  Title                    = {{CAN vs. RS485}},
  Author                   = {k.A.},
  Institution              = {IXXAT Automation GmbH},
  Year                     = {k.J.},
  Type                     = {White Paper},

  Owner                    = {tobiaswelti},
  Timestamp                = {2014.12.08},
  Url                      = {http://www.ixxat.com/download/artikel_20105_can-vs-rs485_e.pdf, Stand: 8.12.2014}
}

@Misc{cfstd,
  Title                    = {{Wikipedia: CompactFlash}},

  Author                   = {k.A.},
  Month                    = {12},
  Note                     = {http://en.wikipedia.org/wiki/CompactFlash, Stand: 8.12.2014},
  Year                     = {2014},

  Owner                    = {tobiaswelti},
  Timestamp                = {2014.12.08},
  Url                      = {http://en.wikipedia.org/wiki/CompactFlash, Stand: 8.12.2014}
}

@Misc{usbwiki,
  Title                    = {{Wikipedia: USB}},

  Author                   = {k.A.},
  Month                    = {12},
  Note                     = {http://en.wikipedia.org/wiki/USB, Stand: 8.12.2014},
  Year                     = {2014},

  Owner                    = {tobiaswelti},
  Timestamp                = {2014.12.08},
  Url                      = {http://en.wikipedia.org/wiki/USB, Stand: 8.12.2014}
}

@Misc{wiki_hilbert,
  Title                    = {{Wikipedia: Hilbert-Transformation}},

  Author                   = {k.A.},
  Month                    = {11},
  Note                     = {https://de.wikipedia.org/wiki/Hilbert-Transformation, Stand: 6.12.2014},
  Year                     = {2014},

  Owner                    = {tobiaswelti},
  Timestamp                = {2014.12.06},
  Url                      = {https://de.wikipedia.org/wiki/Hilbert-Transformation}
}

@Misc{muellerkt1,
  Title                    = {{Vorlesung Kommunikationstechnik 1}},

  Author                   = {Thomas M\"uller},
  Note                     = {Kap. 2, S. 14},

  Owner                    = {tobiaswelti},
  Timestamp                = {2014.12.06}
}

@Misc{nxplpc4088,
  Title                    = {{LPC4088FBD208 Processor Datasheet}},

  Author                   = {{NXP Semiconductors}},
  Note                     = {http://www.nxp.com/products/microcontrollers/cortex\_m4/lpc4000/LPC4088FBD208.html, Stand: 7.12.2014},

  Owner                    = {tobiaswelti},
  Timestamp                = {2014.12.07}
}

@Misc{nxplpc4088qsb,
  Title                    = {{NXP LPC4088 QuickStart Board}},

  Author                   = {{NXP Semiconductors}},
  Note                     = {http://www.nxp.com/demoboard/OM13063.html, Stand: 7.12.2014},

  Owner                    = {tobiaswelti},
  Timestamp                = {2014.12.07}
}

@Article{reid2007,
  Title                    = {The timing and magnitude of coarse sediment transport events within an upland, temperate gravel-bed river},
  Author                   = {Simon C. Reid, Stuart N. Lane, Jessica M. Berney, Joseph Holden},
  Journal                  = {Geomorphology},
  Year                     = {2007},
  Pages                    = {152-182},
  Volume                   = {83},

  Owner                    = {twelti},
  Timestamp                = {2014.12.08}
}

@Misc{dsv1_hilbert,
  Title                    = {{Vorlesung Digitale Signalverarbeitung 1}},

  Author                   = {Sigisbert Wyrsch},
  Note                     = {Kap. 3, DFT und FFT, S. 48},

  Owner                    = {tobiaswelti},
  Timestamp                = {2014.12.06}
}

@Standard{sdstd,
  Title                    = {{SD Specifications, Physical Layer Simplified Specification, Version 4.10}},
  Institution              = {SD Card Association},
  Organization             = {SD Group},

  Owner                    = {tobiaswelti},
  Timestamp                = {2014.12.08}
}

@Standard{boschcanspec2,
  Title                    = {{CAN Specification 2.0}},
  Institution              = {{Robert Bosch GmbH}},

  Address                  = {Robert Bosch GmbH, Postfach 30 02 40, D-70442 Stuttgart},
  Month                    = {09},
  Year                     = {1991},

  Owner                    = {tobiaswelti},
  Timestamp                = {2014.12.08}
}

